\usepackage{hyperref}

@online{nunes,
    author = "Flávio Nunes",
    title = "Desenvolvendo aplicativos móveis multiplataforma",
    url  = "https://imasters.com.br/desenvolvimento/desenvolvendo-aplicativos-moveis-multiplataforma",
    year = {2013},
    urldate = {2020-02-15}
}

@online{statcounterWorld,
    author = "StatCounter",
    title = "Mobile Operating System Market Share Worldwide",
    url  = "https://gs.statcounter.com/os-market-share/mobile/worldwide/#monthly-201901-202001-bar",
    year = {2020},
    urldate = {2020-02-15}
}

@online{statcounterBrazil,
    author = "StatCounter",
    title = "Mobile Operating System Market Share Brazil",
    url  = "https://gs.statcounter.com/os-market-share/mobile/brazil/#monthly-201901-202001-bar",
    year = {2020},
    urldate = {2020-02-15}
}

@article{barth,
    author = "Nikson Barth",
    title = "Análise Comparativa de Ferramentas de Desenvolvimento de Aplicativos Móveis Multiplataforma",
    year = {2014},
    url = "http://dsc.inf.furb.br/arquivos/tccs/monografias/2014_1_nikson-barth_monografia.pdf",
    keywords = "Delphi XE5. Xamarin. PhoneGap. Comparação. Desenvolvimento móvel multiplataforma"
}

@article{taxonomy,
    author = "Wafaa S. El-Kassas and Bassem A. Abdullah and Ahmed H. Yousef and Ayman M. Wahba",
    title = "Taxonomy of Cross-Platform Mobile Applications Development Approaches",
    year = {2015},
    url = "https://www.sciencedirect.com/science/article/pii/S2090447915001276"
}

@book{griffith,
	title = "Mobile App Development with Ionic, Revised Edition: Cross-Platform Apps with Ionic, Angular, and Cordova",
	isbn = {1491998091, 9781491998090},
	publisher = {O\'Reilly Media, Inc},
	author = "Chris Griffith",
	year = {2017}
}

@book{ionic,
	title = "Ionic : Hybrid Mobile App Development",
	isbn = {1788297814, 9781788297813},
	publisher = {Packt Publishing Ltd},
	author = "Rahat Khanna and Sani Yusuf and Hoc Phan",
	year = {2017}
}

@online{apache,
    author = "Apache",
    title = "Architectural overview of Cordova platform - Apache Cordova",
    url  = "https://cordova.apache.org/docs/en/latest/guide/overview/index.html",
    year = {2018},
    urldate = {2019-11-14}
}

@article{angular,
    author = "Nilesh Jain and Priyanka Mangal and Deepak Mehta",
    title = "AngularJS: A Modern MVC Framework in JavaScript",
    journal = "Global Research in Computer Science ",
    volume = "5",
    number = "12",
    year = "2014",
    url = "http://www.jgrcs.info/index.php/jgrcs/article/viewFile/952/610"
}

@online{google,
    author = "Google",
    title = "Angular - Introduction to Angular concepts",
    url  = "https://angular.io/guide/architecture",
    year = {2019},
    urldate = {2019-11-14}
}

@article{firebase,
    author = "Nilanjan Chatterjee and Souvik Chakraborty and Aakash Decosta and Dr. Asoke Nath",
    title = "Real-time Communication Application Based on Android Using Google Firebase",
    journal = " Advance Research in Computer Science and Management Studies",
    volume = "6",
    number = "4",
    year = "2018",
    url = "https://www.researchgate.net/profile/Asoke_Nath/publication/324840628_Real-time_Communication_Application_Based_on_Android_Using_Google_Firebase/links/5ae721760f7e9b9793c82cbf/Real-time-Communication-Application-Based-on-Android-Using-Google-Firebase.pdf"
}

@article{prototipacao,
    author = "Silvio Sanches da Silva and Márcia Maria Savoine",
    title = "Análise Comparativa de Ferramentas Computacionais para
Prototipação de Interfaces",
    journal = "Revista Científica Do ITPAC",
    volume = "3",
    number = "3",
    year = "2010",
    url = "https://assets.unitpac.com.br/arquivos/Revista/33/6.pdf"
}

@online{mello,
    author = "João Paulo Villa Mello",
    title = "O que é um wireframe e qual a sua importância?",
    url  = "https://www.linkedin.com/pulse/o-que-é-um-wireframe-e-qual-sua-importância-joão-paulo-villa-mello/",
    year = {2015},
    urldate = {2020-02-15}
}

@online{farias,
    author = "Gabriel Sa e Farias",
    title = "Wireframes: O que é? Pra que serve?",
    url  = "https://medium.com/7bits/wireframes-o-que-é-pra-que-serve-411e55d4ee58",
    year = "2018",
    urldate = {2020-02-15}
}

@article{nguyen,
    author = "Lan Nguyen",
    title = "Website Design and Development",
    year = {2020},
    url = "https://www.theseus.fi/bitstream/handle/10024/334260/LanNguyenThesis%20.pdf?sequence=2"
}

@article{nascimento,
    author = "Karla Nascimento and Lia Cordeiro and Beatrice Duarte and Julio Cesar Telles",
    title = "Ferramenta de Prototipagem para Criação de um Aplicativo para o Ensino na Saúde",
    year = {2021},
    url = "https://sol.sbc.org.br/index.php/wie/article/view/12658/12521"
}

@article{teplov,
    author = "Daniil Teplov",
    title = " Development of a Mobile Online Banking UX/UI Prototype",
    year = {2019},
    url = "https://www.theseus.fi/bitstream/handle/10024/266204/Teplov_Daniil.pdf?sequence=2&isAllowed=y"
}

@article{lacerda,
    author = "Aureliana Lopes de Lacerda and Claudiane Weber and Marchelly Pereira Porto and Romário Antunes da Silva",
    title = " A importância dos eventos científicos na formação acadêmica: estudantes de biblioteconomia",
    year = {2008},
    journal = "Revista ACB: Biblioteconomia em Santa Catarina, Florianópolis",
    volume = "13",
    number = "1",
    url = "https://revista.acbsc.org.br/racb/article/view/553/678"
}

@article{araujo,
    author = "Elenise Maria de Araujo and João Francisco Labela and Teresinha das Graças Coletta",
    title = " Gestão de Eventos Científicos: Uma Realidade na EESC/USP",
    year = {2016},
    url = "http://ocs.abecbrasil.org.br/index.php/WEC/ixwec/paper/viewFile/117/123"
}

@book{ries2014lean,
  title={Lean Startup: Schnell, risikolos und erfolgreich Unternehmen gr{\"u}nden},
  author={Ries, Eric},
  year={2014},
  publisher={Redline Wirtschaft}
 }